
@misc{lebert,
	title = {gutenberg.org/cache/epub/27040/pg27040.txt},
	url = {https://www.gutenberg.org/cache/epub/27040/pg27040.txt},
	urldate = {2025-08-17},
	author = {Lebert, Marie},
	keywords = {Numérisation},
	file = {gutenberg.org/cache/epub/27040/pg27040.txt:/home/joel/snap/zotero-snap/common/Zotero/storage/VRCZ8IRI/pg27040.html:text/html},
}

@article{valeriola,
	title = {L’ordinateur au service du dépouillement de sources historiques},
	volume = {XXXV},
	copyright = {All rights reserved},
	issn = {0982-1783},
	url = {https://journals.openedition.org/histoiremesure/13534},
	doi = {10.4000/histoiremesure.13534},
	abstract = {L’historien qui mobilise un corpus d’actes est amené à extraire de chacun de ces documents une série d’informations nécessaires à son étude, comme les noms des protagonistes, les dates, les montants, etc. Lorsque la taille de l’ensemble documentaire considéré est importante, cette étape de dépouillement peut poser un problème. Nous présentons ici une méthodologie d’analyse semi-automatique d’un tel corpus mettant en œuvre des méthodes quantitatives. Nous nous concentrons sur trois étapes de ce processus : le découpage des actes en sous-parties, la lemmatisation des anthroponymes et l’extraction des dates. Nous soulignons l’importance de l’intervention de l’humain après l’action de la machine, étape indispensable de tout dispositif d’analyse de ce type.},
	language = {fr},
	number = {2},
	urldate = {2025-08-19},
	journal = {Histoire \& mesure},
	author = {de Valeriola, Sébastien},
	month = dec,
	year = {2020},
	note = {ISBN: 9782713228421
Number: 2
Publisher: Éditions de l’EHESS},
	keywords = {archivistique},
	pages = {171--196},
	file = {Full Text PDF:/home/joel/snap/zotero-snap/common/Zotero/storage/88JQ6WGI/de Valeriola - 2020 - L’ordinateur au service du dépouillement de sources historiques.pdf:application/pdf},
}

@misc{ProjetListesElectorales,
	title = {Projet {Listes} électorales — {Geneawiki}},
	url = {https://fr.geneawiki.com/wiki/Projet_Listes_%C3%A9lectorales},
	urldate = {2025-08-19},
	keywords = {archivistique},
	file = {Projet Listes électorales — Geneawiki:/home/joel/snap/zotero-snap/common/Zotero/storage/973V3FKP/Projet_Listes_électorales.html:text/html},
}

@misc{berhoumaDepouillementRetrouverEpaisseurs2017,
	type = {Billet},
	title = {Le dépouillement : {Retrouver} les épaisseurs de l’histoire},
	shorttitle = {Le dépouillement},
	url = {https://atelier.hypotheses.org/270},
	abstract = {Le dépouillement est cette opération technique que l’on retrouve essentiellement dans le champ de la documentation. Les bibliothécaires connaissent bien cette tâche. Pour eux, le dépouillement consiste à relever systématiquement la partition des publications périodiques pour les intégrer à leur catalogue, facilitant ainsi les consultations du lecteur. Le dépouillement consiste aussi à relever, dans une … Continuer la lecture de Le dépouillement : Retrouver les épaisseurs de l’histoire  →},
	language = {fr-FR},
	urldate = {2025-08-19},
	journal = {Les Carnets des imaginaires de l’atelier},
	author = {Berhouma, Mohamed-Ali},
	month = jun,
	year = {2017},
	doi = {10.58079/d21n},
	keywords = {archivistique},
	file = {Snapshot:/home/joel/snap/zotero-snap/common/Zotero/storage/23PX4PH6/270.html:text/html},
}

@book{rygiel,
	address = {Villeurbanne},
	series = {Papiers},
	title = {Historien à l'âge numérique},
	copyright = {https://www.openedition.org/12554},
	isbn = {978-2-37546-081-8},
	url = {https://books.openedition.org/pressesenssib/6303},
	abstract = {Que change, pour un historien, et pour l’écriture de l’histoire, l’entrée dans l’ordre informatique ? Quels changements sont probables dans un futur proche ? Les outils de l’intellect mis à la disposition des historiens s’imposent à eux, et exigent qu’ils en connaissent le fonctionnement : l’ère des réseaux, des portails, des big data, de la numérisation de masse entraîne une connaissance accrue de ces techniques et une agilité intellectuelle nouvelle.},
	language = {fr},
	urldate = {2025-08-19},
	publisher = {Presses de l’enssib},
	author = {Rygiel, Philippe},
	year = {2017},
	note = {Code: Historien à l'âge numérique
Publication Title: Historien à l'âge numérique
Reporter: Historien à l'âge numérique
Series Title: Papiers},
	keywords = {hn},
}

@article{lemercierIIISourceAux2008,
	title = {{III}. {De} la source aux données},
	issn = {0993-7625},
	url = {https://shs-cairn-info.portail.psl.eu/methodes-quantitatives-pour-l-historien--9782707153401-page-34},
	language = {fr},
	urldate = {2025-08-19},
	journal = {Repères},
	author = {Lemercier, Claire and Zalc, Claire},
	year = {2008},
	note = {ISBN: 9782707153401
Publisher: La Découverte},
	pages = {34--47},
}

@incollection{muller,
	address = {Caen},
	series = {Symposia},
	title = {De la formation d’un concept à l’invention d’une tradition : les avatars de l’histoire sérielle},
	copyright = {https://www.openedition.org/12554},
	isbn = {978-2-38185-146-4},
	shorttitle = {De la formation d’un concept à l’invention d’une tradition},
	url = {https://books.openedition.org/puc/15437},
	abstract = {Serial history was a key concept in history and in the social sciences in the 1960s. Put forward by Pierre Chaunu as a renovating and federating programme, serial history failed to impose itself and progressively disappeared from the methods and vocabulary of historians as from the 1970s. This study based on lexicometric analyses and inspired by the social history of concepts, aims to examine how Pierre Chaunu vainly tried to impose serial history as a scientific approach and then transformed it and made it into an invented tradition of the discipline.,L’histoire sérielle a été une notion et une proposition centrale en histoire et dans les sciences sociales dans les années 1960. Portée par Pierre Chaunu qui avait l’ambition d’en faire le programme rénovateur et fédérateur de la discipline, l’histoire sérielle n’est pas parvenue à s’imposer et a disparu des méthodes et du vocabulaire des historiens à partir des années 1970. Cette étude se propose d’examiner, à partir d’analyses lexicométriques et en s’inspirant de l’histoire sociale des concepts, comment Pierre Chaunu a tenté, en vain, d’imposer l’histoire sérielle comme une démarche scientifique puis l’a transformée et inscrite dans l’histoire de la discipline comme une tradition inventée..},
	language = {fr},
	urldate = {2025-08-19},
	booktitle = {Un historien dans ses lendemains : {Pierre} {Chaunu}},
	publisher = {Presses universitaires de Caen},
	author = {Müller, Bertrand},
	editor = {Crouzet, Denis and Hugon, Alain},
	year = {2021},
	doi = {10.4000/books.puc.15437},
	note = {Code: Un historien dans ses lendemains : Pierre Chaunu},
	keywords = {archivistique},
	file = {Version soumise:/home/joel/snap/zotero-snap/common/Zotero/storage/95DBU9RQ/Müller - 2021 - De la formation d’un concept à l’invention d’une tradition  les avatars de l’histoire sérielle.pdf:application/pdf},
}

@misc{yorty,
	title = {The {Annales} {School}},
	url = {https://unm-historiography.github.io/metahistory/essays/modern/annales-school.html},
	abstract = {A digital introduction to historiography},
	language = {en-US},
	urldate = {2025-08-19},
	journal = {Metahistory},
	author = {Yorty, Erik},
	month = may,
	year = {2018},
	file = {Snapshot:/home/joel/snap/zotero-snap/common/Zotero/storage/F6YUD297/annales-school.html:text/html},
}

@article{lemercierIVCompterMots2008,
	title = {{IV}. {Compter} des mots, explorer des textes},
	issn = {0993-7625},
	url = {https://shs-cairn-info.portail.psl.eu/methodes-quantitatives-pour-l-historien--9782707153401-page-48},
	language = {fr},
	urldate = {2025-08-19},
	journal = {Repères},
	author = {Lemercier, Claire and Zalc, Claire},
	year = {2008},
	note = {ISBN: 9782707153401
Publisher: La Découverte
Section: Linguistique},
	pages = {48--57},
}

@misc{ruiz,
	title = {Accéder aux numérisations du {Journal} officiel de la {République} française, de 1871 à nos jours},
	url = {https://boiteaoutils.info/2013/01/acceder-aux-numerisations-du-journal/},
	abstract = {Le processus de numérisation complète du Journal officiel a été annoncé depuis longtemps déjà. Il est effectivement en cours et cette politique – mise en œuvre notamment dans le cadre d’un partenariat entre l’assemblée nationale et la BnF (voir ici) – commence à porter ses fruits. Croyez en quelqu’un qui a dû se débrouiller avec...},
	language = {fr-FR},
	urldate = {2025-08-19},
	journal = {La boîte à outils des historien·ne·s},
	author = {Ruiz, Émilien},
	month = jan,
	year = {2013},
	keywords = {pat},
	file = {Snapshot:/home/joel/snap/zotero-snap/common/Zotero/storage/4QQH7VPB/acceder-aux-numerisations-du-journal.html:text/html},
}

@article{bnf-politique-num,
	title = {La numérisation concertée de corpus d'imprimés. {Etat} des lieux des programmes et des partenaires. {Décembre} 2014},
	language = {fr},
	year = {2014},
	keywords = {Numérisation, pat},
	file = {PDF:/home/joel/snap/zotero-snap/common/Zotero/storage/ADI42AB3/2014 - La numérisation concertée de corpus d'imprimés. Etat des lieux des programmes et des partenaires. Dé.pdf:application/pdf},
}

@article{vancampenhoudt,
	title = {Une norme de dépouillement terminologique en langue française},
	volume = {21},
	copyright = {free},
	url = {https://www.persee.fr/doc/equiv_0751-9532_1992_num_21_1_1147},
	doi = {10.3406/equiv.1992.1147},
	language = {fre},
	number = {1},
	urldate = {2025-08-19},
	journal = {Equivalences},
	author = {Van Campenhoudt, Marc},
	year = {1992},
	note = {Publisher: Persée - Portail des revues scientifiques en SHS},
	keywords = {archivistique},
	pages = {121--136},
}

@misc{bermesblog,
	title = {Numériser ce n’est pas éditer (2)},
	url = {https://figoblog.org/2005/01/18/519/},
	abstract = {Lire aussi le (1) : Les joies de la déconstruction numérique. Dans le cadre du numérique, les champs d’action des différents métiers de la chaîne du livre sont à redéfinir. L’équilibre …},
	language = {fr-FR},
	urldate = {2025-08-20},
	journal = {Figoblog},
	author = {{manuefig}},
	month = jan,
	year = {2005},
	keywords = {hn},
	file = {Snapshot:/home/joel/snap/zotero-snap/common/Zotero/storage/3GLCCBIU/519.html:text/html},
}

@article{daumard,
	title = {Méthodes de l'{Histoire} sociale : les {Archives} notariales et la {Mécanographie}},
	volume = {14},
	copyright = {free},
	shorttitle = {Méthodes de l'{Histoire} sociale},
	url = {https://www.persee.fr/doc/ahess_0395-2649_1959_num_14_4_2865},
	doi = {10.3406/ahess.1959.2865},
	language = {fre},
	number = {4},
	urldate = {2025-08-20},
	journal = {Annales},
	author = {Daumard, Adeline and Furet, François},
	year = {1959},
	note = {Company: Persée - Portail des revues scientifiques en SHS
Distributor: Persée - Portail des revues scientifiques en SHS
Institution: Persée - Portail des revues scientifiques en SHS
Label: Persée - Portail des revues scientifiques en SHS
Publisher: EHESS},
	keywords = {archivistique},
	pages = {676--693},
}

@article{poublanc,
	title = {Introduction au dossier « {Historien}·nes et numérique : pratiques et expériences vécues »},
	copyright = {https://creativecommons.org/licenses/by-nc-nd/4.0/},
	issn = {1760-4761},
	shorttitle = {Introduction au dossier « {Historien}·nes et numérique},
	url = {https://journals.openedition.org/framespa/14370},
	doi = {10.4000/framespa.14370},
	abstract = {« Pendant vingt ou trente années, l’école historique française a vécu, admirablement, sur l’héritage des pères fondateurs, Lucien Febvre et Marc Bloch. Et, au moins dans le domaine de l’histoire sociale, économique et quantitative, cette école a constitué, pour les historiens des autres pays, le groupe de pointe et d’avant-garde. La révolution technologique que nous vivons risque de changer tout cela. Aux États-Unis, chaque université un peu importante a désormais son centre d’informatique et...},
	language = {fr},
	number = {42},
	urldate = {2025-08-20},
	journal = {Les Cahiers de Framespa. e-STORIA},
	author = {Poublanc, Sébastien and Marqué, Nicolas},
	month = jul,
	year = {2023},
	note = {Publisher: UMR 5136 – FRAMESPA},
	keywords = {hn},
}

@book{dallet,
	address = {Nanterre},
	series = {La {Grande} {Collection} {ArTeC}},
	title = {Architectures de mémoire},
	copyright = {https://www.openedition.org/12554},
	isbn = {978-2-84016-472-2},
	url = {https://books.openedition.org/pupo/25762},
	abstract = {La situation de transition que nous connaissons et qui fait cohabiter une culture du livre avec une culture de l’écran nous fait peu à peu basculer d’une raison graphique à une raison computationnelle. De la même manière que l’écriture a permis d’engendrer un mode particulier de pensée, où les listes, les tableaux et les formules ont joué un rôle primordial dans la modélisation des connaissances, avec le numérique s’inventent d’autres systèmes de mise en forme de l’information et de sa transmission. En effet, le développement du réseau, d’un vaste cyberespace, induit une rationalité particulière reposant sur le calcul plutôt que sur l’écriture, ce qui est la seule façon de le rendre intelligible.On comprend dès lors que les architectures de mémoire, dans leur actualisation contemporaine, essentiellement numérique, sont au cœur d’une transformation de l’esprit humain. Il est encore trop tôt pour déterminer exactement ce qu’il en est de cette transformation, mais il importe dès maintenant de tracer les contours de cette situation et d’explorer des pistes qui peuvent en baliser certains des aspects les plus saillants.},
	language = {fr},
	urldate = {2025-08-20},
	publisher = {Presses universitaires de Paris Nanterre},
	editor = {Dallet, Jean-Marie and Gervais, Bertrand},
	year = {2019},
	note = {Code: Architectures de mémoire
Publication Title: Architectures de mémoire
Reporter: Architectures de mémoire
Series Title: La Grande Collection ArTeC},
	keywords = {archeologie},
}

@incollection{wagneur,
	address = {Paris},
	series = {Paroles en réseau},
	title = {Gallica : la bibliothèque électronique de la {BnF} : quel accès pour les personnes handicapées visuelles ?},
	copyright = {https://www.openedition.org/12554},
	isbn = {978-2-84246-215-4},
	shorttitle = {Gallica},
	url = {https://books.openedition.org/bibpompidou/1500},
	language = {fr},
	urldate = {2025-08-20},
	booktitle = {Bibliothèques et publics handicapés visuels},
	publisher = {Éditions de la Bibliothèque publique d’information},
	author = {Wagneur, Jean-Didier},
	collaborator = {Bailly, Élisabeth and Saurel, Philippe and Aron, Marie-France and Jallet-Bourg, Cécile and Wagneur, Jean-Dadier and Desbuquois, Catherine and Gudin de Vallerin, Gilles and Hamzaoui, Sylvie and Glénisson, Jean-Louis and Da Silva, Manuel and Grunberg, Gérald},
	year = {2002},
	doi = {10.4000/books.bibpompidou.1500},
	note = {Code: Bibliothèques et publics handicapés visuels},
	keywords = {pat},
	file = {Texte intégral:/home/joel/snap/zotero-snap/common/Zotero/storage/MZYSZB7J/Wagneur - 2002 - Gallica  la bibliothèque électronique de la BnF  quel accès pour les personnes handicapées visuell.pdf:application/pdf},
}

@misc{liberation,
	title = {Yaël {Braun}-{Pivet} veut débattre de la qualité des débats à l’{Assemblée}},
	url = {https://www.liberation.fr/politique/yael-braun-pivet-veut-debattre-de-la-qualite-des-debats-a-lassemblee-20250314_YIZKRJ3IKZDEVGTCUV6CEHHIVY/},
	abstract = {La présidente de la chambre basse va réunir les présidents de groupes pour évoquer les échanges «trop souvent émaillés d’injures, d’insultes, d’invectives». Une initiative qui n’enthousiasme pas les troupes, sauf le camp présidentiel.},
	language = {fr},
	urldate = {2025-08-20},
	journal = {Libération},
	author = {Baldit, Etienne and Pol, Chez},
	note = {Section: Politique},
	keywords = {parlementaire},
	file = {Snapshot:/home/joel/snap/zotero-snap/common/Zotero/storage/47XJN4ZX/yael-braun-pivet-veut-debattre-de-la-qualite-des-debats-a-lassemblee-20250314_YIZKRJ3IKZDEVGTCU.html:text/html},
}

@misc{lacroix,
	title = {L’hémicycle de l’{Assemblée} nationale est-il devenu une salle de catch ?},
	url = {https://www.la-croix.com/politique/l-hemicycle-de-lassemblee-nationale-est-il-devenu-une-salle-de-catch-20250202},
	urldate = {2025-08-20},
	keywords = {parlementaire},
	file = {L’hémicycle de l’Assemblée nationale est-il devenu une salle de catch ?:/home/joel/snap/zotero-snap/common/Zotero/storage/IF6CDBEM/l-hemicycle-de-lassemblee-nationale-est-il-devenu-une-salle-de-catch-20250202.html:text/html},
}

@misc{IAcollections,
	title = {Intelligence artificielle et collections de la {BnF} : l’exemple de l’{HTR} ({Handwritten} {Text} {Recognition})},
	shorttitle = {Intelligence artificielle et collections de la {BnF}},
	url = {https://www.bnf.fr/fr/intelligence-artificielle-et-collections-de-la-bnf-lexemple-de-lhtr-handwritten-text-recognition},
	abstract = {BnF - Site institutionnel},
	language = {fr},
	urldate = {2025-08-20},
	journal = {BnF - Site institutionnel},
	keywords = {Numérisation},
	file = {Snapshot:/home/joel/snap/zotero-snap/common/Zotero/storage/Z4672SBH/intelligence-artificielle-et-collections-de-la-bnf-lexemple-de-lhtr-handwritten-text-recognitio.html:text/html},
}

@book{claerr,
	address = {Villeurbanne},
	series = {La {Boîte} à outils},
	title = {Numériser et mettre en ligne},
	copyright = {https://www.openedition.org/12554},
	isbn = {978-2-37546-032-0},
	url = {https://books.openedition.org/pressesenssib/414},
	abstract = {Rendre les collections accessibles en ligne est devenu pour les institutions culturelles, d'enseignement et de recherche, un des défis majeurs du début du xxe siècle. Les projets sont dès à présent nombreux, et concernent tous les types d'établissements et tous les supports. Mener à bien une opération de numérisation et de mise en ligne requiert un ensemble de repères et de connaissances pour l'organisation et la mise en œuvre d'un projet de numérisation durable. Donner les clés du domaine en se fondant sur des savoirs pratiques et concrets est l'ambition de cet ouvrage, qui fournit un mode opératoire précis pour chacune des grandes étapes à prendre en compte – de la capture à la conservation numérique, en passant par l'interopérabilité, le référencement, et en intégrant l'environnement juridique et réglementaire. Coordonné par Thierry Claerr et Isabelle Westeel, spécialistes du sujet et responsables de formations sur la numérisation et la création de bibliothèques numériques, ce guide des bonnes pratiques accompagnera les porteurs de projets dans le contexte et les missions de leur institution, mais aussi au cœur des évolutions de l'Internet, pour répondre aux attentes des internautes.},
	language = {fr},
	urldate = {2025-08-20},
	publisher = {Presses de l’enssib},
	editor = {Claerr, Thierry and Westeel, Isabelle},
	year = {2010},
	note = {Code: Numériser et mettre en ligne
Publication Title: Numériser et mettre en ligne
Reporter: Numériser et mettre en ligne
Series Title: La Boîte à outils},
	keywords = {Numérisation},
}

@misc{islam,
	title = {A {Survey} on {Optical} {Character} {Recognition} {System}},
	url = {http://arxiv.org/abs/1710.05703},
	doi = {10.48550/arXiv.1710.05703},
	abstract = {Optical Character Recognition (OCR) has been a topic of interest for many years. It is defined as the process of digitizing a document image into its constituent characters. Despite decades of intense research, developing OCR with capabilities comparable to that of human still remains an open challenge. Due to this challenging nature, researchers from industry and academic circles have directed their attentions towards Optical Character Recognition. Over the last few years, the number of academic laboratories and companies involved in research on Character Recognition has increased dramatically. This research aims at summarizing the research so far done in the field of OCR. It provides an overview of different aspects of OCR and discusses corresponding proposals aimed at resolving issues of OCR.},
	urldate = {2025-08-20},
	publisher = {arXiv},
	author = {Islam, Noman and Islam, Zeeshan and Noor, Nazia},
	month = oct,
	year = {2017},
	note = {arXiv:1710.05703 [cs]},
	keywords = {Numérisation},
	file = {Preprint PDF:/home/joel/snap/zotero-snap/common/Zotero/storage/7M6FESUS/Islam et al. - 2017 - A Survey on Optical Character Recognition System.pdf:application/pdf;Snapshot:/home/joel/snap/zotero-snap/common/Zotero/storage/I3WSHU29/1710.html:text/html},
}

@misc{image-segmentation-survey,
	title = {[2001.05566] {Image} {Segmentation} {Using} {Deep} {Learning}: {A} {Survey}},
	url = {https://arxiv.org/abs/2001.05566?utm_source=chatgpt.com},
	urldate = {2025-08-21},
	author = {Shervin Minaee {and} Yuri Boykov {and} Fatih Porikli {and} Antonio Plaza {and} Nasser Kehtarnavaz {and} Demetri Terzopoulo},
	keywords = {Numérisation},
	file = {[2001.05566] Image Segmentation Using Deep Learning\: A Survey:/home/joel/snap/zotero-snap/common/Zotero/storage/XJBSAT54/2001.html:text/html},
}

@article{lecolinet,
	title = {A survey of methods and strategies in character segmentation},
	volume = {18},
	copyright = {https://ieeexplore.ieee.org/Xplorehelp/downloads/license-information/IEEE.html},
	issn = {01628828},
	url = {http://ieeexplore.ieee.org/document/506792/},
	doi = {10.1109/34.506792},
	abstract = {Character segmentation has long been a critical area of the OCR process. The higher recognition rates for isolated characters vs. those obtained for words and connected character strings well illustrate this fact. A good part of recent progress in reading unconstrained printed and written text may be ascribed to more insightful handling of segmentation.},
	language = {en},
	number = {7},
	urldate = {2025-08-21},
	journal = {IEEE Transactions on Pattern Analysis and Machine Intelligence},
	author = {Casey, R.G. and Lecolinet, E.},
	month = jul,
	year = {1996},
	keywords = {Numérisation},
	pages = {690--706},
	file = {PDF:/home/joel/snap/zotero-snap/common/Zotero/storage/CTAMMH8F/Casey et Lecolinet - 1996 - A survey of methods and strategies in character segmentation.pdf:application/pdf},
}

@article{graves,
	title = {Connectionist {Temporal} {Classiﬁcation}: {Labelling} {Unsegmented} {Sequence} {Data} with {Recurrent} {Neural} {Networks}},
	abstract = {Many real-world sequence learning tasks require the prediction of sequences of labels from noisy, unsegmented input data. In speech recognition, for example, an acoustic signal is transcribed into words or sub-word units. Recurrent neural networks (RNNs) are powerful sequence learners that would seem well suited to such tasks. However, because they require pre-segmented training data, and post-processing to transform their outputs into label sequences, their applicability has so far been limited. This paper presents a novel method for training RNNs to label unsegmented sequences directly, thereby solving both problems. An experiment on the TIMIT speech corpus demonstrates its advantages over both a baseline HMM and a hybrid HMM-RNN.},
	language = {en},
	author = {Graves, Alex and Fernandez, Santiago and Gomez, Faustino and Schmidhuber, Jurgen},
	keywords = {tal},
	file = {PDF:/home/joel/snap/zotero-snap/common/Zotero/storage/WUSZXQD4/Graves et al. - Connectionist Temporal Classiﬁcation Labelling Unsegmented Sequence Data with Recurrent Neural Netw.pdf:application/pdf},
}

@inproceedings{huiye,
	address = {Bangalore, India},
	title = {An enhanced skew angle estimation technique for binary document images},
	isbn = {978-0-7695-0318-9},
	url = {http://ieeexplore.ieee.org/document/791750/},
	doi = {10.1109/ICDAR.1999.791750},
	abstract = {In this paper , an improved skew angle estimation technique is presented. Skew angle detection is an important part of any Optical Character Recognition (OCR) and document analysis system. The method considers the lowermost pixels of some selected characters of the text, which maybe subject to Hough transform for skew angle detection. A fast approach is also proposed which works almost as accurately as Hough transform for skew angle detection. Experimental results are presented and compared with results on several other skew detection methods.},
	language = {en},
	urldate = {2025-08-21},
	booktitle = {Proceedings of the {Fifth} {International} {Conference} on {Document} {Analysis} and {Recognition}. {ICDAR} '99 ({Cat}. {No}.{PR00318})},
	publisher = {IEEE},
	author = {{Huiye Ma} and {Zhenwei Yu}},
	year = {1999},
	keywords = {Numérisation},
	pages = {165--168},
	file = {PDF:/home/joel/snap/zotero-snap/common/Zotero/storage/IH5INDG4/Huiye Ma et Zhenwei Yu - 1999 - An enhanced skew angle estimation technique for binary document images.pdf:application/pdf},
}

@misc{ofbook,
	title = {{ofBook} - {Image} {Processing} and {Computer} {Vision}},
	url = {https://openframeworks.cc/ofBook/chapters/image_processing_computer_vision.html},
	urldate = {2025-08-21},
	keywords = {Numérisation},
	file = {ofBook - Image Processing and Computer Vision:/home/joel/snap/zotero-snap/common/Zotero/storage/H4G3Z5KS/image_processing_computer_vision.html:text/html},
}

@misc{processing,
	title = {Images and {Pixels}},
	url = {https://processing.org//tutorials/pixels},
	abstract = {How to load and display images as well as access their pixels.},
	language = {en-US},
	urldate = {2025-08-21},
	journal = {Processing},
	author = {Shiffman, Daniel},
	keywords = {Numérisation},
	file = {Snapshot:/home/joel/snap/zotero-snap/common/Zotero/storage/T5KWJBB9/pixels.html:text/html},
}

@misc{newby,
	title = {Forty-{Five} {Years} of {Digitizing} {Ebooks}: {Project} {Gutenberg}'s {Practices}},
	copyright = {Public domain in the USA.},
	shorttitle = {Forty-{Five} {Years} of {Digitizing} {Ebooks}},
	url = {https://www.gutenberg.org/cache/epub/60600/pg60600-images.html},
	language = {en},
	urldate = {2025-08-21},
	journal = {https://www.gutenberg.org/files/60600/60600-h/60600-h.htm},
	author = {Newby, Gregory B.},
	note = {Last Modified: 2025-07-24T11:11:30.111249+00:00},
	keywords = {hn},
	file = {Snapshot:/home/joel/snap/zotero-snap/common/Zotero/storage/8LVRFWDR/pg60600-images.html:text/html},
}

@misc{jacquot,
	type = {Billet},
	title = {Emmanuel {Le} {Roy} {Ladurie}, précurseur du data mining ?},
	url = {https://bnf.hypotheses.org/1316},
	abstract = {En affirmant dès la fin des années 1960 que « les historiens seront programmeurs ou ne seront plus »1, Emmanuel Le Roy Ladurie posait les bases de ce qui allait constituer l’une des branches des...},
	language = {fr-FR},
	urldate = {2025-08-21},
	journal = {Carnet de recherche},
	author = {Jacquot, Olivier},
	month = sep,
	year = {2018},
	doi = {10.58079/m3ea},
	note = {ISSN: 2493-4437},
	keywords = {hn},
	file = {Snapshot:/home/joel/snap/zotero-snap/common/Zotero/storage/229J6GU9/1316.html:text/html},
}

@book{bert,
	address = {Villeurbanne},
	series = {Papiers},
	title = {Une histoire de la fiche érudite},
	copyright = {https://www.openedition.org/12554},
	isbn = {978-2-37546-078-8},
	url = {https://books.openedition.org/pressesenssib/6211},
	abstract = {Lucien Febvre avait en tête d’écrire une histoire de la fiche érudite. Ce dispositif, connu dans le monde des bibliothèques, a eu des effets très directs et concrets sur les savoirs savants, leur accumulation, leur validation, et leur diffusion entre 1850 et 1980. L’ouvrage croise une approche historique, linguistique, anthropologique, voire pathologique, d’outils dont le but est d’inscrire des données, mais aussi de compiler, de commenter, de croiser. Les pratiques de Marcel Mauss et Michel Foucault sont étudiées en exemple (ou contre-exemple). Jean-François Bert est maître d’enseignement et de recherche à l’université de Lausanne.},
	language = {fr},
	urldate = {2025-08-21},
	publisher = {Presses de l’enssib},
	author = {Bert, Jean-François},
	year = {2017},
	note = {Code: Une histoire de la fiche érudite
Publication Title: Une histoire de la fiche érudite
Reporter: Une histoire de la fiche érudite
Series Title: Papiers},
	keywords = {archeologie},
}

@incollection{bequet,
	address = {Paris},
	series = {Mémoires et documents de l’École des chartes},
	title = {La bibliothèque numérique à la {Bibliothèque} de {France} : de l’objet-valise à l’objet-frontière (1988-1993)},
	copyright = {https://www.openedition.org/12554},
	isbn = {978-2-35723-178-8},
	shorttitle = {La bibliothèque numérique à la {Bibliothèque} de {France}},
	url = {https://books.openedition.org/enc/14133},
	language = {fr},
	urldate = {2025-08-21},
	booktitle = {Trois bibliothèques européennes face à {Google} : {Aux} origines de la bibliothèque numérique (1990-2010)},
	publisher = {Publications de l’École nationale des chartes},
	author = {Béquet, Gaëlle},
	year = {2015},
	doi = {10.4000/books.enc.14133},
	note = {Code: Trois bibliothèques européennes face à Google : Aux origines de la bibliothèque numérique (1990-2010)},
	keywords = {pat},
	pages = {51--85},
}

@incollection{rautenberg,
	address = {Rennes},
	series = {Essais},
	title = {Les chemins croisés du patrimoine et de l’imaginaire},
	copyright = {https://creativecommons.org/licenses/by-nc-nd/4.0/},
	isbn = {979-10-413-0250-5},
	url = {https://books.openedition.org/pur/253957},
	language = {fr},
	urldate = {2025-08-21},
	booktitle = {L’imaginaire patrimonial : {Figures} de l’urbanité contemporaine},
	publisher = {Presses universitaires de Rennes},
	author = {Rautenberg, Michel},
	year = {2024},
	doi = {10.4000/13ipp},
	note = {Code: L’imaginaire patrimonial : Figures de l’urbanité contemporaine},
	keywords = {pat},
	pages = {13--52},
}

@phdthesis{salah,
	type = {phdthesis},
	title = {Maîtrise de la qualité des transcriptions numériques dans les projets de numérisation de masse},
	url = {https://bnf.hal.science/tel-01164698},
	abstract = {Ce travail s’intéresse au contrôle des résultats de transcriptions numériques produites automatiquement par des logiciels de reconnaissance optique de caractères (OCR), lors de la réalisation de projets de numérisation de masse de documents. Le but de nos travaux est de concevoir un système de contrôle des résultats d’OCR suffisamment robuste pour être performant sur l’ensemble des documents numérisés à la BnF. Cette collection est composée de documents anciens dont les particularités les rendent difficiles à traiter par les OCR, même les plus performants. Nous avons conçu un système de détection des mots omis dans les transcriptions, ainsi qu’une méthode d’estimation des taux de reconnaissance des caractères. Le contexte applicatif exclu de recourir à une vérité terrain pour évaluer les performances. Nous essayons donc de les prédire. Pour cela nous proposons différents descripteurs qui permettent de caractériser les résultats des transcriptions. Cette caractérisation intervient à deux niveaux. Elle permet d’une part de caractériser la segmentation des documents à l’aide de descripteurs de textures, et d’autres part de caractériser les textes produits en ayant recours à un second OCR qui joue le rôle d’une référence relative. Dans les deux cas, les descripteurs choisis permettent de s’adapter aux propriétés des corpus à contrôler. L’adaptation est également assurée par une étape d’apprentissage des étages de décision ou de prédiction qui interviennent dans le système. Nous avons évalué nos systèmes de contrôle sur des bases d’images réelles sélectionnées dans les collections documentaires de la BnF. Le système détecte 84, 15\% des mots omis par l’OCR avec une précision de 94, 73\%. Les expérimentations réalisées ont également permis de montrer que 80\% des documents présentant un taux de reconnaissance mots inférieur à 98\% sont détectés avec une précision de 92\%. On peut également détecter automatiquement 45\% des documents présentant un taux de reconnaissance inférieur à 70\% avec une précision supérieure à 92\%.},
	language = {fr},
	urldate = {2025-08-21},
	school = {Université de Rouen},
	author = {Salah, Ahmed Ben},
	month = jul,
	year = {2014},
	keywords = {Numérisation},
	file = {Full Text PDF:/home/joel/snap/zotero-snap/common/Zotero/storage/XQKC9NRZ/Salah - 2014 - Maîtrise de la qualité des transcriptions numériques dans les projets de numérisation de masse.pdf:application/pdf},
}

@misc{numerisation-docs-parlementaires,
	title = {Numérisation des documents parlementaires},
	url = {https://www.senat.fr/questions/base/2017/qSEQ170700040.html?utm_source=chatgpt.com},
	language = {fr-FR},
	urldate = {2025-08-21},
	journal = {Sénat},
	month = jul,
	year = {2017},
	keywords = {pat},
	file = {Snapshot:/home/joel/snap/zotero-snap/common/Zotero/storage/8W3WV3VA/qSEQ170700040.html:text/html},
}

@misc{TravauxSenatTroisieme,
	title = {Les travaux du {Sénat} de la {Troisième} {République}},
	url = {https://www.senat.fr/connaitre-le-senat/lhistoire-du-senat/les-travaux-du-senat-de-la-troisieme-republique.html},
	language = {fr},
	urldate = {2025-08-21},
	journal = {Sénat},
	keywords = {parlementaire},
	file = {Snapshot:/home/joel/snap/zotero-snap/common/Zotero/storage/PAZWUJR7/les-travaux-du-senat-de-la-troisieme-republique.html:text/html},
}

@inproceedings{neudecker,
	address = {Lausanne Switzerland},
	title = {A survey of {OCR} evaluation tools and metrics},
	isbn = {978-1-4503-8690-6},
	url = {https://dl.acm.org/doi/10.1145/3476887.3476888},
	doi = {10.1145/3476887.3476888},
	abstract = {The millions of pages of historical documents that are digitized in libraries are increasingly used in contexts that have more specific requirements for OCR quality than keyword search. How to comprehensively, efficiently and reliably assess the quality of OCR results against the background of mass digitization, when ground truth can only ever be produced for very small numbers? Due to gaps in specifications, results from OCR evaluation tools can return different results, and due to differences in implementation, even commonly used error rates are often not directly comparable. OCR evaluation metrics and sampling methods are also not sufficient where they do not take into account the accuracy of layout analysis, since for advanced use cases like Natural Language Processing or the Digital Humanities, accurate layout analysis and detection of the reading order are crucial. We provide an overview of OCR evaluation metrics and tools, describe two advanced use cases for OCR results, and perform an OCR evaluation experiment with multiple evaluation tools and different metrics for two distinct datasets. We analyze the differences and commonalities in light of the presented use cases and suggest areas for future work.},
	language = {en},
	urldate = {2025-08-21},
	booktitle = {The 6th {International} {Workshop} on {Historical} {Document} {Imaging} and {Processing}},
	publisher = {ACM},
	author = {Neudecker, Clemens and Baierer, Konstantin and Gerber, Mike and Clausner, Christian and Antonacopoulos, Apostolos and Pletschacher, Stefan},
	month = sep,
	year = {2021},
	keywords = {Numérisation},
	pages = {13--18},
	file = {PDF:/home/joel/snap/zotero-snap/common/Zotero/storage/D55BIWZH/Neudecker et al. - 2021 - A survey of OCR evaluation tools and metrics.pdf:application/pdf},
}

@article{meurEtudeComparativeReconnaissance,
	title = {Étude comparative de reconnaissance de texte dans les bandes dessinées},
	language = {fr},
	author = {Meur, Florian Le and Rayar, Frédéric and Treuillet, Sylvie and Daubignard, Frédéric},
	file = {PDF:/home/joel/snap/zotero-snap/common/Zotero/storage/3U6V7GJ5/Meur et al. - Étude comparative de reconnaissance de texte dans les bandes dessinées.pdf:application/pdf},
}

@misc{fleischhacker,
	title = {Improving {OCR} {Quality} in 19th {Century} {Historical} {Documents} {Using} a {Combined} {Machine} {Learning} {Based} {Approach}},
	url = {http://arxiv.org/abs/2401.07787},
	doi = {10.48550/arXiv.2401.07787},
	abstract = {This paper addresses a major challenge to historical and fellow humanist research with regard to the long 19th century, as large quantities of sources, frequently printed, have become available for the ﬁrst time, while extraction techniques are lagging behind. Research has so far neglected the vast majority of these printed serial sources, with the exception of a few high-proﬁle data series, such as census data, which have mainly been laboriously extracted manually. Therefore, we researched machine learning (ML) models to recognise and extract complex data structures in a high-value historical primary source, Habsburg Central Europe’s Hof- und Staatsschematismus, which was published between 1702 and 1918. It records every single person in the Habsburg civil service above a certain hierarchical level and documents the genesis of the central administration over two centuries. Its complex and intricate structure as well as its enormous size have so far made any more comprehensive analysis of the administrative and social structure of the later Habsburg Empire on the basis of this source impossible.},
	language = {en},
	urldate = {2025-08-21},
	publisher = {arXiv},
	author = {Fleischhacker, David and Goederle, Wolfgang and Kern, Roman},
	month = jan,
	year = {2024},
	note = {arXiv:2401.07787 [cs]},
	keywords = {Numérisation},
	annote = {Comment: 29 pages, 23 figures, 7 tables},
	file = {PDF:/home/joel/snap/zotero-snap/common/Zotero/storage/BJKEYYMG/Fleischhacker et al. - 2024 - Improving OCR Quality in 19th Century Historical Documents Using a Combined Machine Learning Based A.pdf:application/pdf},
}

@misc{mistralocr,
	title = {Mistral {OCR} {\textbar} {Mistral} {AI}},
	url = {https://urlr.me/Cqyt9c},
	abstract = {Introducing the world’s best document understanding API.},
	language = {en},
	urldate = {2025-08-21},
	keywords = {Numérisation},
	file = {Snapshot:/home/joel/snap/zotero-snap/common/Zotero/storage/PYV9SCH4/mistral-ocr.html:text/html},
}

@article{graham,
	title = {Methods for {Extracting} {Relational} {Data} from {Unstructured} {Texts} {Prior} to {Network} {Visualization} in {Humanities} {Research}},
	volume = {6},
	issn = {2059-481X},
	url = {https://openhumanitiesdata.metajnl.com/articles/10.5334/johd.21},
	doi = {10.5334/johd.21},
	abstract = {Network modelling methodologies in the digital humanities have been be used to advance inquiry in a variety of areas—most commonly those having to do with correspondence, citation, and social media networks. While new technologies have made generating high-quality and even dynamic network visualizations relatively easy, key challenges remain for humanities researchers. Many common objects of humanistic inquiry, such as literary, historiographic, and biographical texts are often not easily transformed into the kinds of data structures necessary for network visualization. The Transparency to Visibility (T2V) Project was initiated to develop new methods and toolkits that can support humanistic researchers who need to extract relationship data from unstructured texts to support network visualization. The T2V team used bioethics accountability statements to pilot and evaluate different methods for extracting relationship data. The resulting machine-learning-enhanced natural language processing (NLP) and metadata-assisted approaches offer promising potential pathways for contemporary digital humanities and future toolkit development. Funding statement: Funding was provided by a National Endowment for the Humanities Digital Humanities Advancement grant (HAA-261070).},
	language = {en-US},
	number = {1},
	urldate = {2025-08-22},
	journal = {Journal of Open Humanities Data},
	author = {Graham, S. Scott and Majdik, Zoltan P. and Clark, Dave},
	month = nov,
	year = {2020},
	keywords = {tal},
	file = {Full Text PDF:/home/joel/snap/zotero-snap/common/Zotero/storage/PIK2EPZS/Graham et al. - 2020 - Methods for Extracting Relational Data from Unstructured Texts Prior to Network Visualization in Hum.pdf:application/pdf},
}

@article{gutehrle,
	title = {Doctorat de {Sciences} du {Langage}, men?on {Traitement} {Automa}?que des {Langues}},
	abstract = {In recent years, libraries and archives have undertaken numerous digitisation campaigns to widen public access to their archival collections. However, the challenge of promoting the content of collections and making these resources discoverable remains. Digitisation often produces unstructured content that is difficult to navigate, while interfaces that rely on keyword-based queries to access archival materials can provide users with irrelevant results. In order to exploit the potential of the "Big Data of the Past", notion introduced by Kaplan and di Lenardo in 2017, it is essential to develop methods and frameworks for structuring the textual content of documents, with the aim of improving their exploration and discoverability. In this context, the present Ph.D. thesis addresses the problem of processing digitised historical documents, focusing on the extraction of Named Entities and Relations in order to create interfaces for the efficient exploitation of historical textual data. Firstly, we propose a new method for determining the logical structure of historical newspapers using a rule-based approach. Secondly, we present a method for extracting entities and relations about people and places mentioned in texts. Our approach is called Extensible, Lightweight and Interpretable Joint Extraction of Relations and Entities (ELIJERE). It is based on linguistic resources obtained through distant supervision. Finally, we propose a general framework for studying the expression of spatial information in documents, and another framework for applying TimeLine Summarisation methods to document collections. We show how these methods can be applied to produce semantically rich interfaces, such as timelines and maps, that allow the general public a close and a distant reading of these collections.},
	language = {en},
	author = {Gutehrlé, Nicolas},
	keywords = {tal},
	file = {PDF:/home/joel/snap/zotero-snap/common/Zotero/storage/AQ4WAVH7/Gutehrlé - Doctorat de Sciences du Langage, menon Traitement Automaque des Langues.pdf:application/pdf},
}

@book{bermesbook,
	address = {Paris},
	title = {De l'écran à l'émotion :  quand le numérique devient patrimoine},
	isbn = {978-2-35723-187-0},
	shorttitle = {De l'écran à l'émotion},
	url = {893734},
	abstract = {Depuis plus de trente ans, documents et données numériques irriguent la société et
 engendrent de profondes transformations économiques, sociales et culturelles. En faisant
 leur entrée dans les collections des bibliothèques, archives et musées, ces nouveaux
 objets suscitent la question de l'émergence d'un patrimoine numérique. À travers une
 approche transdisciplinaire mêlant histoire des institutions patrimoniales, sciences
 de l'information, mais aussi des éléments de sociologie et d'anthropologie, Emmanuelle
 Bermès retrace le processus de patrimonialisation des collections numériques et s'interroge
 sur les engouements, les controverses et les initiatives qu'elles suscitent. À l'heure
 de la mise en données du monde et de l'intelligence artificielle, la connaissance
 de notre patrimoine numérique et de son histoire est une clef pour comprendre la culture
 numérique dans laquelle nous sommes désormais immergés. Quelle place les émotions
 tiennent-elles dans un univers régi par les écrans, les réseaux, les algorithmes ?
 Qu'avons-nous reçu en héritage, et que transmettrons-nous aux générations futures
 ? Autant de questions qui ne peuvent plus se permettre d'ignorer le numérique, en
 tant que paradigme majeur de notre relation à la société et aux traces qu'elle élabore
 et pérennise à travers le temps},
	language = {fre},
	urldate = {2025-08-22},
	publisher = {École nationale des chartes-PSL},
	author = {Bermès, Emmanuelle},
	year = {2024},
	note = {Country: FR
20 cm. PSL = Université Paris sciences \& lettres. Bibliogr. p. 231-234. Index.},
	keywords = {pat},
}

@book{zalc,
	title = {Méthodes quantitatives pour l'historien},
	isbn = {978-2-7071-5340-1},
	url = {https://shs-cairn-info.portail.psl.eu/methodes-quantitatives-pour-l-historien--9782707153401},
	abstract = {Repères},
	language = {fr},
	urldate = {2025-08-22},
	publisher = {La Découverte},
	author = {Lemercier, Claire and Zalc, Claire},
	year = {2008},
	doi = {10.3917/dec.lemer.2008.01},
	note = {ISSN: 0993-7625},
	keywords = {archivistique},
}

@article{clavert,
	title = {Une histoire par les données ? {Le} futur très proche de l'histoire des relations internationales},
	volume = {44},
	issn = {1276-8944},
	shorttitle = {Une histoire par les données ?},
	url = {https://shs.cairn.info/revue-bulletin-de-l-institut-pierre-renouvin-2016-2-page-119},
	doi = {10.3917/bipr1.044.0119},
	language = {fr},
	number = {2},
	urldate = {2025-08-22},
	journal = {Bulletin de l'Institut Pierre Renouvin},
	author = {Clavert, Frédéric},
	month = nov,
	year = {2016},
	note = {Publisher: UMR Sirice
Section: Histoire},
	keywords = {hn},
	pages = {119--130},
	file = {Full Text PDF:/home/joel/snap/zotero-snap/common/Zotero/storage/FNZ65ETN/Clavert - 2016 - Une histoire par les données  Le futur très proche de l'histoire des relations internationales.pdf:application/pdf},
}

@inproceedings{finkel,
	address = {Ann Arbor, Michigan},
	title = {Incorporating {Non}-local {Information} into {Information} {Extraction} {Systems} by {Gibbs} {Sampling}},
	url = {https://aclanthology.org/P05-1045/},
	doi = {10.3115/1219840.1219885},
	urldate = {2025-08-22},
	booktitle = {Proceedings of the 43rd {Annual} {Meeting} of the {Association} for {Computational} {Linguistics} ({ACL}'05)},
	publisher = {Association for Computational Linguistics},
	author = {Finkel, Jenny Rose and Grenager, Trond and Manning, Christopher},
	editor = {Knight, Kevin and Ng, Hwee Tou and Oflazer, Kemal},
	month = jun,
	year = {2005},
	keywords = {tal},
	pages = {363--370},
	file = {Full Text PDF:/home/joel/snap/zotero-snap/common/Zotero/storage/SFQFSDBA/Finkel et al. - 2005 - Incorporating Non-local Information into Information Extraction Systems by Gibbs Sampling.pdf:application/pdf},
}

@article{radford,
	title = {Improving {Language} {Understanding} by {Generative} {Pre}-{Training}},
	abstract = {Natural language understanding comprises a wide range of diverse tasks such as textual entailment, question answering, semantic similarity assessment, and document classiﬁcation. Although large unlabeled text corpora are abundant, labeled data for learning these speciﬁc tasks is scarce, making it challenging for discriminatively trained models to perform adequately. We demonstrate that large gains on these tasks can be realized by generative pre-training of a language model on a diverse corpus of unlabeled text, followed by discriminative ﬁne-tuning on each speciﬁc task. In contrast to previous approaches, we make use of task-aware input transformations during ﬁne-tuning to achieve effective transfer while requiring minimal changes to the model architecture. We demonstrate the effectiveness of our approach on a wide range of benchmarks for natural language understanding. Our general task-agnostic model outperforms discriminatively trained models that use architectures speciﬁcally crafted for each task, signiﬁcantly improving upon the state of the art in 9 out of the 12 tasks studied. For instance, we achieve absolute improvements of 8.9\% on commonsense reasoning (Stories Cloze Test), 5.7\% on question answering (RACE), and 1.5\% on textual entailment (MultiNLI).},
	language = {en},
	author = {Radford, Alec and Narasimhan, Karthik and Salimans, Tim and Sutskever, Ilya},
	keywords = {tal},
	file = {PDF:/home/joel/snap/zotero-snap/common/Zotero/storage/DSRC45EN/Radford et al. - Improving Language Understanding by Generative Pre-Training.pdf:application/pdf},
}

@misc{dewey,
	title = {La formation des valeurs - {John} {Dewey} - Éditions {La} {Découverte}},
	url = {https://www.editionsladecouverte.fr/la_formation_des_valeurs-9782359250442},
	urldate = {2025-08-22},
	keywords = {archeologie},
	file = {La formation des valeurs - John Dewey - Éditions La Découverte:/home/joel/snap/zotero-snap/common/Zotero/storage/P6428V9Y/la_formation_des_valeurs-9782359250442.html:text/html},
}

@misc{renon,
	title = {Design \& sciences},
	url = {https://www.puv-editions.fr/ouvrage/design-sciences/},
	abstract = {Ou comment analyser les relations transversales entre production d’images, techniques instrumentales et construction de connaissances. Une étude des relations entre design et culture visuelle des sciences.},
	language = {fr-FR},
	urldate = {2025-08-22},
	journal = {Presses Universitaires de Vincennes},
	author = {Renon, Anne-Lyse},
	keywords = {archeologie},
	file = {Snapshot:/home/joel/snap/zotero-snap/common/Zotero/storage/AQV626IH/design-sciences.html:text/html},
}

@article{derose,
	title = {What is text, really?},
	volume = {1},
	issn = {1042-1726},
	url = {https://doi.org/10.1007/BF02941632},
	doi = {10.1007/BF02941632},
	abstract = {THE WAY IN WHICH TEXT IS represented on a computer affects the kinds of uses to which it can be put by its creator and by subsequent users. The electronic document model currently in use is impoverished and restrictive. The authors argue that text is best represented as an ordered hierarchy of content object (OHCO), because that is what text really is. This model conforms with emerging standards such as SGML and contains within it advantages for the writer, publisher, and researcher. The authors then describe how the hierarchical model can allow future use and reuse of the document as a database, hypertext, or network.},
	language = {en},
	number = {2},
	urldate = {2025-08-22},
	journal = {Journal of Computing in Higher Education},
	author = {DeRose, Steven J. and Durand, David G. and Mylonas, Elli and Renear, Allen H.},
	month = dec,
	year = {1990},
	keywords = {hn},
	pages = {3--26},
}

@book{levi-strauss,
	title = {La pensée sauvage},
	author = {Levi-Strauss, Claude},
	keywords = {archeologie},
}

@book{meot,
	edition = {Aubier},
	title = {Du mode d'existence des objets techniques},
	author = {Simodon, Gilbert},
	year = {1958},
	keywords = {archeologie},
}

@incollection{goeta,
	address = {Paris},
	series = {Conférences},
	title = {Les facettes de l’{Open} {Data} : émergence, fondements et travail en coulisses},
	copyright = {https://www.openedition.org/12554},
	isbn = {978-2-7226-0467-4},
	shorttitle = {Les facettes de l’{Open} {Data}},
	url = {https://books.openedition.org/cdf/5005},
	language = {fr},
	urldate = {2025-08-22},
	booktitle = {Big data et traçabilité numérique : {Les} sciences sociales face à la quantification massive des individus},
	publisher = {Collège de France},
	author = {Denis, Jérôme and Goëta, Samuel},
	editor = {Menger, Pierre-Michel and Paye, Simon},
	year = {2017},
	doi = {10.4000/books.cdf.5005},
	note = {Code: Big data et traçabilité numérique : Les sciences sociales face à la quantification massive des individus},
	keywords = {hn},
	pages = {121--138},
	file = {Version soumise:/home/joel/snap/zotero-snap/common/Zotero/storage/EBTC354H/Denis et Goëta - 2017 - Les facettes de l’Open Data  émergence, fondements et travail en coulisses.pdf:application/pdf},
}

@book{drucker,
	address = {Paris},
	edition = {B42},
	title = {Visualisation. {L}'interprétation modélisante},
	author = {Drucker, Johanna},
	year = {2020},
	keywords = {hn},
}

@book{boissier,
	address = {Dijon},
	edition = {Les Presses du Réel},
	title = {La relation comme forme},
	author = {Boissier, Jean-Louis},
	year = {2009},
	keywords = {archeologie},
}

@book{daston,
	address = {Dijon},
	edition = {Les Presses du Réel},
	title = {Objectivité},
	author = {Daston, Lorraine and Galison, Peter},
	year = {2012},
	keywords = {archeologie},
}

@article{latourVuesLesprit1987,
	title = {Les "vues" de l'esprit},
	volume = {5},
	copyright = {free},
	url = {https://www.persee.fr/doc/reso_0751-7971_1987_num_5_27_1322},
	doi = {10.3406/reso.1987.1322},
	language = {fre},
	number = {27},
	urldate = {2025-08-22},
	journal = {Réseaux. Communication - Technologie - Société},
	author = {Latour, Bruno and Technique, Culture et},
	year = {1987},
	note = {Company: Persée - Portail des revues scientifiques en SHS
Distributor: Persée - Portail des revues scientifiques en SHS
Institution: Persée - Portail des revues scientifiques en SHS
Label: Persée - Portail des revues scientifiques en SHS
Publisher: Hermès Science Publications},
	pages = {79--96},
}

@article{prostDouzeLeconsLhistoire2014,
	title = {Douze {Leçons} sur l'histoire},
	url = {https://shs.cairn.info/douze-lecons-sur-l-histoire--9782757820643},
	abstract = {Points Histoire},
	language = {fr},
	urldate = {2025-08-22},
	author = {Prost, Antoine},
	year = {2014},
	note = {Publisher: Le Seuil},
	file = {Snapshot:/home/joel/snap/zotero-snap/common/Zotero/storage/S7GNVGHV/douze-lecons-sur-l-histoire--9782757820643.html:text/html},
}

@misc{goutapi,
	title = {Le goût de l’{API} {\textbar} {Le} goût de l'archive à l'ère numérique},
	url = {https://gout-numerique.net/table-of-contents/archives-nees-numeriques/gout-api},
	abstract = {Ce texte est en cours d'écriture. Dernière mise à jour majeure: 13 juillet 2018. La multiplication de sites ou plateformes web de plus en plus complexes collectant des données sur leurs utilisateurs, la place déterminante…},
	language = {fr-FR},
	urldate = {2025-08-22},
	author = {Clavert, Frédéric},
	keywords = {hn},
	file = {Snapshot:/home/joel/snap/zotero-snap/common/Zotero/storage/FJR2VJKX/gout-api.html:text/html},
}

@inproceedings{chiron,
	address = {Grenoble, France},
	title = {Erreurs {OCR} et biais d'indexation : impact sur les usages},
	shorttitle = {Erreurs {OCR} et biais d'indexation},
	url = {https://hal.science/hal-01455763},
	abstract = {Les méthodes d'analyse classiquement appliquées dans le contexte du Big Data, provoquent souvent un phénomène de « boîte noire » où la qualité de numérisation des documents peut être un paramètre négligé. En dépit des bonnes pratiques en vigueur inhérentes au métier de data-journalist, se pose la problématique des biais statistiques induits par ce manque de transparence sur la fiabilité des sources. S'inscrivant dans le cadre du projet AméliOCR, cet article vise à estimer ces potentiels biais sur l'indexation et la recherche. Cette étude s'appuie sur un corpus de documents OCéRisés associés à leur vérité terrain, ainsi que sur des historiques de recherche sur Gallica.},
	urldate = {2025-08-22},
	booktitle = {17ème conférence {Extraction} et {Gestion} des {Connaissances}, {Atelier} {Journalisme} {Computationnel}},
	author = {Chiron, Guillaume and Moreux, Jean-Philippe and Doucet, Antoine and Coustaty, Mickaël and Visani, Muriel},
	month = jan,
	year = {2017},
	keywords = {Numérisation},
	pages = {69--73},
	file = {HAL PDF Full Text:/home/joel/snap/zotero-snap/common/Zotero/storage/FSBNJGFK/Chiron et al. - 2017 - Erreurs OCR et biais d'indexation  impact sur les usages.pdf:application/pdf},
}
